

@article{al2020generalizing,
  title={Generalizing AI: challenges and opportunities for plug and play AI solutions},
  author={Al Ridhawi, Ismaeel and Otoum, Safa and Aloqaily, Moayad},
  journal={IEEE Network},
  volume={35},
  number={1},
  pages={372--379},
  year={2020},
  publisher={IEEE}
}

@article{elayan2021digital,
  title={Digital Twin for Intelligent Context-Aware IoT Healthcare Systems},
  author={Elayan, Haya and Aloqaily, Moayad and Guizani, Mohsen},
  journal={IEEE Internet of Things Journal},
  year={2021},
  publisher={IEEE}
}

@article{10223206,
  author={Iklassov, Zangir and Sobirov, Ikboljon and Solozabal, Ruben and Takáč, Martin},
  journal={IEEE Access}, 
  title={Reinforcement Learning Approach to Stochastic Vehicle Routing Problem With Correlated Demands}, 
  year={2023},
  volume={11},
  number={},
  pages={87958-87969},
  doi={10.1109/ACCESS.2023.3306076}
}


@article{JLL2025,
  author = {JLL Research},
  journal = {JLL Global Real Estate Perspective},
  title = {Global Real Estate Perspective February 2025: A positive but nuanced outlook for 2025},
  year = {2025},
  month = {February},
  publisher = {Jones Lang LaSalle IP, Inc.},
  url = {https://www.jll.co.th/en/trends-and-insights/research/global/gmp}
}


@article{nationthailand1,
  author = {Nationthailand},
  journal = {Nationthailand},
  title = {8 key trends shaping Thai real estate after rollercoaster year},
  year = {2025},
  month = {January},
  url = {https://www.nationthailand.com/business/property/40044774}
}


@article{bangkokpost1,
  author = {Bangkok Post},
  journal = {Bangkok Post},
  title = {Real Estate Information Center targets better data gathering to head off crises},
  year = {2024},
  month = {Jule},
  url = {https://www.bangkokpost.com/property/2836667/real-estate-information-center-targets-better-data-gathering-to-head-off-crises}
}

@misc{ST-RAP,
      title={ST-RAP: A Spatio-Temporal Framework for Real Estate Appraisal}, 
      author={Hojoon Lee and Hawon Jeong and Byungkun Lee and Kyungyup Lee and Jaegul Choo},
      year={2023},
      eprint={2308.10609},
      archivePrefix={arXiv},
      primaryClass={cs.LG},
      url={https://arxiv.org/abs/2308.10609}, 
}

@Manual{kernelshap,
  title = {kernelshap: Kernel SHAP},
  author = {Michael Mayer and David Watson},
  year = {2024},
  note = {R package version 0.7.1},
  url = {https://github.com/ModelOriented/kernelshap},
}

@misc{veličković2018graphattentionnetworks,
      title={Graph Attention Networks}, 
      author={Petar Veličković and Guillem Cucurull and Arantxa Casanova and Adriana Romero and Pietro Liò and Yoshua Bengio},
      year={2018},
      eprint={1710.10903},
      archivePrefix={arXiv},
      primaryClass={stat.ML},
      url={https://arxiv.org/abs/1710.10903}, 
}

@inproceedings{Chen_2016, series={KDD ’16},
   title={XGBoost: A Scalable Tree Boosting System},
   url={http://dx.doi.org/10.1145/2939672.2939785},
   DOI={10.1145/2939672.2939785},
   booktitle={Proceedings of the 22nd ACM SIGKDD International Conference on Knowledge Discovery and Data Mining},
   publisher={ACM},
   author={Chen, Tianqi and Guestrin, Carlos},
   year={2016},
   month=aug, pages={785–794},
   collection={KDD ’16} }
